% This file was created with Citavi 6.17.0.0

@article{schulman2017proximal,
  title={Proximal policy optimization algorithms},
  author={Schulman, John and Wolski, Filip and Dhariwal, Prafulla and Radford, Alec and Klimov, Oleg},
  journal={arXiv preprint arXiv:1707.06347},
  year={2017}
}

@misc{Nvid.CUDA,
  title = {{cuBLAS API Reference Guide}},
  author = {{NVIDIA} Corporation \& affiliates},
  year = {2023},
  howpublished = {\url{https://docs.nvidia.com/cuda/cublas/index.html#cublasApi_reproducibility}},
  note = {Accessed: 2023-12-20}
}
